@ARTICLE{lasso,
    author = {Robert Tibshirani},
    title = {Regression Shrinkage and Selection Via the Lasso},
    journal = {Journal of the Royal Statistical Society, Series B},
    year = {1994},
    volume = {58},
    pages = {267--288}
}

@inproceedings{bolasso,
 author = {Bach, Francis R.},
 title = {Bolasso: model consistent Lasso estimation through the bootstrap},
 booktitle = {Proceedings of the 25th international conference on Machine learning},
 series = {ICML '08},
 year = {2008},
 isbn = {978-1-60558-205-4},
 location = {Helsinki, Finland},
 pages = {33--40},
 numpages = {8},
 url = {http://doi.acm.org/10.1145/1390156.1390161},
 doi = {10.1145/1390156.1390161},
 acmid = {1390161},
 publisher = {ACM},
 address = {New York, NY, USA},
} 

@ARTICLE{grouplasso2,
    author = {Ming Yuan and Ming Yuan and Yi Lin and Yi Lin},
    title = {Model selection and estimation in regression with grouped variables},
    journal = {Journal of the Royal Statistical Society, Series B},
    year = {2006},
    volume = {68},
    pages = {49--67}
}

@MISC{graphlasso,
    author = {Laurent Jacob and Guillaume Obozinski},
    title = {Group Lasso with Overlap and Graph Lasso},
    year = {}
}

@ARTICLE{elasticnet,
    author = {Hui Zou and Trevor Hastie},
    title = {Regularization and variable selection via the Elastic Net},
    journal = {Journal of the Royal Statistical Society, Series B},
    year = {2005},
    volume = {67},
    pages = {301--320}
}

@MISC{elasticnet2,
    author = {Jinzhu Jia and Bin Yu},
    title = {1 On Model Selection Consistency of the Elastic Net When p $>>$ n},
    year = {}
}

@MISC{IC,
    author = {Peng Zhao and Bin Yu},
    title = {On Model Selection Consistency of Lasso},
    year = {2006}
}

@MISC{ICP,
    author = {Bin Yu},
    title = {Presentation - Seeking Interpretable Models for High Dimensional Data},
}
